@article{fowler2010weertman,
  title={Weertman, Lliboutry and the development of sliding theory},
  author={Fowler, AC},
  journal={Journal of Glaciology},
  volume={56},
  number={200},
  pages={965--972},
  year={2010},
  publisher={International Glaciological Society}
}

@article{kozeny1927kapillare,
  title={{\"U}ber kapillare Leitung des Wassers im Boden, Sitz. der Wien},
  author={Kozeny, J},
  journal={Akad. der Wissenschaften},
  volume={136},
  year={1927}
}

@article{winberry2011dynamics,
  title={Dynamics of stick--slip motion, Whillans Ice Stream, Antarctica},
  author={Winberry, J Paul and Anandakrishnan, Sridhar and Wiens, Douglas A and Alley, Richard B and Christianson, Knut},
  journal={Earth and Planetary Science Letters},
  volume={305},
  number={3-4},
  pages={283--289},
  year={2011},
  publisher={Elsevier}
}

@article{livingstone2013potential,
  title={Potential subglacial lake locations and meltwater drainage pathways beneath the Antarctic and Greenland ice sheets},
  author={Livingstone, Stephen and Clark, Chris and Woodward, John and Kingslake, Jonathan},
  journal={Cryosphere},
  volume={7},
  number={6},
  pages={1721--1740},
  year={2013},
  publisher={Coperincus Gesellschaft GmbH}
}


@article{whiteford1994conductive,
  title={Conductive heat flow through the sediments in {Lake Rotomahana, New Zealand}},
  author={Whiteford, PC and Graham, DJ},
  journal={Geothermics},
  volume={23},
  number={5-6},
  pages={527--538},
  year={1994},
  publisher={Elsevier}
}



@article{pattyn2003new,
  title={A new three-dimensional higher-order thermomechanical ice sheet model: Basic sensitivity, ice stream development, and ice flow across subglacial lakes},
  author={Pattyn, Frank},
  journal={Journal of Geophysical Research: Solid Earth},
  volume={108},
  number={B8},
  year={2003},
  publisher={Wiley Online Library}
}


@article{simkins2017anatomy,
  title={Anatomy of a meltwater drainage system beneath the ancestral {E}ast {A}ntarctic ice sheet},
  author={Simkins, Lauren M and Anderson, John B and Greenwood, Sarah L and Gonnermann, Helge M and Prothro, Lindsay O and Halberstadt, Anna Ruth W and Stearns, Leigh A and Pollard, David and DeConto, Robert M},
  journal={Nature Geoscience},
  volume={10},
  number={9},
  pages={691},
  year={2017},
  publisher={Nature Publishing Group}
}

@book{greve2009dynamics,
  title={Dynamics of ice sheets and glaciers},
  author={Greve, Ralf and Blatter, Heinz},
  year={2009},
  publisher={Springer Science \& Business Media}
}
@article{lewis2006age,
  title={The age and origin of the Labyrinth, western {D}ry {V}alleys, {{A}ntarctica}: Evidence for extensive middle Miocene subglacial floods and freshwater discharge to the Southern Ocean},
  author={Lewis, Adam R and Marchant, David R and Kowalewski, Douglas E and Baldwin, Suzanne L and Webb, Laura E},
  journal={Geology},
  volume={34},
  number={7},
  pages={513--516},
  year={2006},
  publisher={Geological Society of America}
}

@article{schoof2006variational,
  title={Variational methods for glacier flow over plastic till},
  author={Schoof, Christian},
  journal={Journal of Fluid Mechanics},
  volume={555},
  pages={299--320},
  year={2006},
  publisher={Cambridge University Press}
}

@article{werder2013modeling,
  title={Modeling channelized and distributed subglacial drainage in two dimensions},
  author={Werder, Mauro A and Hewitt, Ian J and Schoof, Christian G and Flowers, Gwenn E},
  journal={Journal of Geophysical Research: Earth Surface},
  volume={118},
  number={4},
  pages={2140--2158},
  year={2013},
  publisher={Wiley Online Library}
}

@article{hewitt2012flotation,
  title={Flotation and free surface flow in a model for subglacial drainage. Part 2. Channel flow},
  author={Hewitt, IJ and Schoof, C and Werder, MA},
  journal={Journal of Fluid Mechanics},
  volume={702},
  pages={157--187},
  year={2012},
  publisher={Cambridge University Press}
}

@article{schoof2012flotation,
  title={Flotation and free surface flow in a model for subglacial drainage. Part 1. Distributed drainage},
  author={Schoof, Christian and Hewitt, Ian J and Werder, Mauro A},
  journal={Journal of Fluid Mechanics},
  volume={702},
  pages={126--156},
  year={2012},
  publisher={Cambridge University Press}
}

@inproceedings{mckinlay1975representative,
  title={Representative sampling and testing in fissured lodgement tills},
  author={McKinlay, DG and McGown, A and Radwan, AM and Hossain, D},
  booktitle={Proceedings of the Midland Soil Mechanics and Foundation Engineering Society Symposium on The Engineering Behaviour of Glacial Materials},
  pages={143--55},
  year={1975}
}

@article{kyrke2014subglacial,
  title={Subglacial hydrology and the formation of ice streams},
  author={Kyrke-Smith, TM and Katz, RF and Fowler, AC},
  journal={Proc. R. Soc. A},
  volume={470},
  number={2161},
  pages={20130494},
  year={2014},
  publisher={The Royal Society}
}

@article{iverson1998ring,
  title={Ring-shear studies of till deformation: Coulomb-plastic behavior and distributed strain in glacier beds},
  author={Iverson, Neal R and Hooyer, Thomas S and Baker, Robert W},
  journal={Journal of Glaciology},
  volume={44},
  number={148},
  pages={634--642},
  year={1998},
  publisher={Cambridge University Press}
}

@book{carman1956flow,
  title={Flow of gases through porous media},
  author={Carman, Philip Crosbie},
  year={1956},
  publisher={Academic press}
}

@article{lliboutry1968general,
  title={General theory of subglacial cavitation and sliding of temperate glaciers},
  author={Lliboutry, Louis},
  journal={Journal of Glaciology},
  volume={7},
  number={49},
  pages={21--58},
  year={1968},
  publisher={Cambridge University Press}
}

@inproceedings{fowler1986sliding,
  title={A sliding law for glaciers of constant viscosity in the presence of subglacial cavitation},
  author={Fowler, AC},
  booktitle={Proceedings of the Royal Society of London A: Mathematical, Physical and Engineering Sciences},
  volume={407},
  number={1832},
  pages={147--170},
  year={1986},
  organization={The Royal Society}
}


@article{anderson2004strong,
  title={Strong feedbacks between hydrology and sliding of a small alpine glacier},
  author={Anderson, Robert S and Anderson, Suzanne P and MacGregor, Kelly R and Waddington, Edwin D and O'Neel, Shad and Riihimaki, Catherine A and Loso, Michael G},
  journal={Journal of Geophysical Research: Earth Surface},
  volume={109},
  number={F3},
  year={2004},
  publisher={Wiley Online Library}
}

@inbook{sealevelIPCC,
   author = {Church, J.A. and Clark, P.U. and Cazenave, A. and Gregory, J.M. and Jevrejeva, S. and Levermann, A. and Merrifield, M.A. and Milne, G.A. and Nerem, R.S. and Nunn, P.D. and Payne, A.J. and Pfeffer, W.T. and Stammer, D. and Unnikrishnan, A.S.},
   title = {Sea Level Change},
   booktitle = {Climate Change 2013: The Physical Science Basis. Contribution of Working Group I to the Fifth Assessment Report of the Intergovernmental Panel on Climate Change},
   editor = {Stocker, T.F. and Qin, D. and Plattner, G.-K. and Tignor, M. and Allen, S.K. and Boschung, J. and Nauels, A. and Xia, Y. and Bex, V. and Midgley, P.M.},
   publisher = {Cambridge University Press},
   address = {Cambridge, United Kingdom and New York, NY, USA},
   chapter = {13},
   pages = {1137â€“1216},
   ISBN = {ISBN 978-1-107-66182-0},
   DOI = {10.1017/CBO9781107415324.026},
   url = {www.climatechange2013.org},
   year = {2013},
   type = {Book Section}
}

%Sees lakes draining
@article{wingham2006rapid,
  title={Rapid discharge connects {A}ntarctic subglacial lakes},
  author={Wingham, Duncan J and Siegert, Martin J and Shepherd, Andrew and Muir, Alan S},
  journal={Nature},
  volume={440},
  number={7087},
  pages={1033--1036},
  year={2006},
  publisher={Nature Publishing Group}
}
%Sees lakes draining and sees increase in ice velocity
@article{stearns2008increased,
  title={Increased flow speed on a large {E}ast {A}ntarctic outlet glacier caused by subglacial floods},
  author={Stearns, Leigh A and Smith, Benjamin E and Hamilton, Gordon S},
  journal={Nature Geoscience},
  volume={1},
  number={12},
  pages={827--831},
  year={2008},
  publisher={Nature Publishing Group}
}
% These observations reveal a wide spread, dynamic subglacial water system that may exert an important control on ice flow and mass balance.
@article{fricker2007active,
  title={An active subglacial water system in {W}est {A}ntarctica mapped from space},
  author={Fricker, Helen Amanda and Scambos, Ted and Bindschadler, Robert and Padman, Laurie},
  journal={Science},
  volume={315},
  number={5818},
  pages={1544--1548},
  year={2007},
  publisher={American Association for the Advancement of Science}
}


@article{hoffman2014feedbacks,
  title={Feedbacks between coupled subglacial hydrology and glacier dynamics},
  author={Hoffman, Matthew and Price, Stephen},
  journal={Journal of Geophysical Research: Earth Surface},
  volume={119},
  number={3},
  pages={414--436},
  year={2014},
  publisher={Wiley Online Library}
}

@article{budd1979empirical,
  title={Empirical studies of ice sliding},
  author={Budd, WF and Keage, PL and Blundy, NA},
  journal={Journal of glaciology},
  volume={23},
  number={89},
  pages={157--170},
  year={1979},
  publisher={International Glaciological Society}
}  

@article{bindschadler1983importance,
  title={The importance of pressurized subglacial water in separation and sliding at the glacier bed},
  author={Bindschadler, Robert},
  journal={Journal of Glaciology},
  volume={29},
  number={101},
  pages={3--19},
  year={1983},
  publisher={International Glaciological Society}
}

@article{fowler1987sliding,
  title={Sliding with cavity formation},
  author={Fowler, AC},
  journal={Journal of Glaciology},
  volume={33},
  number={115},
  pages={255--267},
  year={1987},
  publisher={International Glaciological Society}
}

@article{nye1976water,
  title={Water flow in glaciers: j{\"o}kulhlaups, tunnels and veins},
  author={Nye, JF},
  journal={Journal of Glaciology},
  volume={17},
  number={76},
  pages={181--207},
  year={1976},
  publisher={International Glaciological Society}
}

@article{alley2003sediment,
  title={Sediment, glaciohydraulic supercooling, and fast glacier flow},
  author={Alley, Richard B and Lawson, Daniel E and Evenson, Edward B and Larson, Grahame J},
  journal={Annals of Glaciology},
  volume={36},
  number={1},
  pages={135--141},
  year={2003},
  publisher={International Glaciological Society}
}

@article{larour2012continental,
  title={Continental scale, high order, high spatial resolution, ice sheet modeling using the Ice Sheet System Model (ISSM)},
  author={Larour, E and Seroussi, H and Morlighem, M and Rignot, E},
  journal={Journal of Geophysical Research: Earth Surface},
  volume={117},
  number={F1},
  year={2012},
  publisher={Wiley Online Library}
}

@article{weertman1957sliding,
  title={On the sliding of glaciers},
  author={Weertman, Johannes},
  journal={Journal of glaciology},
  volume={3},
  number={21},
  pages={33--38},
  year={1957},
  publisher={Cambridge University Press}
}

@article{boulton1987sediment,
  title={Sediment deformation beneath glaciers: rheology and geological consequences},
  author={Boulton, GS and Hindmarsh, RCA},
  journal={Journal of Geophysical Research: Solid Earth},
  volume={92},
  number={B9},
  pages={9059--9082},
  year={1987},
  publisher={Wiley Online Library}
}

@book{paterson2016physics,
  title={The physics of glaciers},
  author={Paterson, William Stanley Bryce},
  year={2016},
  publisher={Elsevier}
}

@inproceedings{schoof2005effect,
  title={The effect of cavitation on glacier sliding},
  author={Schoof, Christian},
  booktitle={Proceedings of the Royal Society of London A: Mathematical, Physical and Engineering Sciences},
  volume={461},
  number={2055},
  pages={609--627},
  year={2005},
  organization={The Royal Society}
}

@article{clarke1987subglacial,
  title={Subglacial till: a physical framework for its properties and processes},
  author={Clarke, Garry KC},
  journal={J. geophys. Res},
  volume={92},
  number={B9},
  pages={8942--8984},
  year={1987}
}

@article{siegert2005revised,
  title={A revised inventory of {A}ntarctic subglacial lakes},
  author={Siegert, Martin J and Carter, Sasha and Tabacco, Ignazio and Popov, Sergey and Blankenship, Donald D},
  journal={{A}ntarctic Science},
  volume={17},
  number={3},
  pages={453--460},
  year={2005},
  publisher={Cambridge University Press}
}

@misc{bindschadler2014, title={Meet {A}ntarctica}, url={https://lima.nasa.gov/antarctica/}, journal={Landsat Image Mosaic of Antarctica}, publisher={NASA}, author={Bindschadler, Robert A.}, year={2014}, month={Jun}}

@article{walder1982stability,
  title={Stability of sheet flow of water beneath temperate glaciers and implications for glacier surging},
  author={Walder, Joseph S},
  journal={Journal of Glaciology},
  volume={28},
  number={99},
  pages={273--293},
  year={1982},
  publisher={International Glaciological Society}
}

@book{bear2013dynamics,
  title={Dynamics of fluids in porous media},
  author={Bear, Jacob},
  year={2013},
  publisher={Courier Corporation}
}

@book{hillel2013fundamentals,
  title={Fundamentals of soil physics},
  author={Hillel, Daniel},
  year={2013},
  publisher={Academic press}
}

@article{boulton1974nature,
  title={The nature and rates of post-depositional changes in recently deposited till from south-east Iceland},
  author={Boulton, Geoffrey Stewart and Dent, DL},
  journal={Geografiska Annaler. Series A. Physical Geography},
  pages={121--134},
  year={1974},
  publisher={JSTOR}
}

%LAKES AND ABOUT THEM
@article{wright2012fourth,
  title={A fourth inventory of {A}ntarctic subglacial lakes},
  author={Wright, Andrew and Siegert, Martin},
  journal={{A}ntarctic Science},
  volume={24},
  number={06},
  pages={659--664},
  year={2012},
  publisher={Cambridge Univ Press}
}


@article{iken1986combined,
  title={Combined measurements of subglacial water pressure and surface velocity of{ Findelengletscher, Switzerland:} conclusions about drainage system and sliding mechanism},
  author={Iken, Almut and Bindschadler, Robert A},
  journal={Journal of Glaciology},
  volume={32},
  number={110},
  pages={101--119},
  year={1986},
  publisher={Cambridge University Press}
}

@article{siegert2000subglacial,
  title={Subglacial water at the heads of {A}ntarctic ice-stream tributaries},
  author={Siegert, Martin J and Bamber, Jonathan L},
  journal={Journal of Glaciology},
  volume={46},
  pages={702--703},
  year={2000}
}
@article{fricker2009connected,
  title={Connected subglacial lake activity on lower Mercer and Whillans ice streams, {W}est {A}ntarctica, 2003--2008},
  author={Fricker, Helen Amanda and Scambos, Ted},
  journal={Journal of Glaciology},
  volume={55},
  number={190},
  pages={303--315},
  year={2009},
  publisher={International Glaciological Society}
}

@article{pritchard2012antarctic,
  title={{A}ntarctic ice-sheet loss driven by basal melting of ice shelves},
  author={Pritchard, HDx and Ligtenberg, SRM and Fricker, HA and Vaughan, DG and Van den Broeke, MR and Padman, L},
  journal={Nature},
  volume={484},
  number={7395},
  pages={502--505},
  year={2012},
  publisher={Nature Research}
}

@article{rignot2011ice,
  title={Ice flow of the {A}ntarctic ice sheet},
  author={Rignot, E and Mouginot, J and Scheuchl, B},
  journal={Science},
  volume={333},
  number={6048},
  pages={1427--1430},
  year={2011},
  publisher={American Association for the Advancement of Science}
}

@article{payne2004recent,
  title={Recent dramatic thinning of largest {W}est {A}ntarctic ice stream triggered by oceans},
  author={Payne, Antony J and Vieli, Andreas and Shepherd, Andrew P and Wingham, Duncan J and Rignot, Eric},
  journal={Geophysical Research Letters},
  volume={31},
  number={23},
  year={2004},
  publisher={Wiley Online Library}
}

@article{schoof2010ice,
  title={Ice-sheet acceleration driven by melt supply variability},
  author={Schoof, Christian},
  journal={Nature},
  volume={468},
  number={7325},
  pages={803},
  year={2010},
  publisher={Nature Publishing Group}
}

@article{willis1995intra,
  title={Intra-annual variations in glacier motion: a review},
  author={Willis, Ian C},
  journal={Progress in Physical Geography},
  volume={19},
  number={1},
  pages={61--106},
  year={1995},
  publisher={Sage Publications Sage CA: Thousand Oaks, CA}
}

@article{anandakrishnan1997stagnation,
  title={Stagnation of ice stream C, {W}est {A}ntarctica by water piracy},
  author={Anandakrishnan, Sridhar and Alley, Richard B},
  journal={Geophysical Research Letters},
  volume={24},
  number={3},
  pages={265--268},
  year={1997},
  publisher={Wiley Online Library}
}

@article{morgan1982outlet,
  title={Outlet glacier and mass-budget studies in Enderby, Kemp, and Mac. Robertson Lands, {A}ntarctica},
  author={Morgan, VI and Jacka, TH and Akerman, GJ and Clarke, AL},
  journal={Annals of Glaciology},
  volume={3},
  number={1},
  pages={204--210},
  year={1982},
  publisher={International Glaciological Society}
}

@article{pattyn2010antarctic,
  title={{A}ntarctic subglacial conditions inferred from a hybrid ice sheet/ice stream model},
  author={Pattyn, Frank},
  journal={Earth and Planetary Science Letters},
  volume={295},
  number={3},
  pages={451--461},
  year={2010},
  publisher={Elsevier}
}

@article{kessler2004testing,
  title={Testing a numerical glacial hydrological model using spring speed-up events and outburst floods},
  author={Kessler, Mark A and Anderson, Robert S},
  journal={Geophysical Research Letters},
  volume={31},
  number={18},
  year={2004},
  publisher={Wiley Online Library}
}

@article{hubbard1997alpine,
  title={Alpine subglacial hydrology},
  author={Hubbard, Bryn and Nienow, Peter},
  journal={Quaternary Science Reviews},
  volume={16},
  number={9},
  pages={939--955},
  year={1997},
  publisher={Elsevier}
}

@article{schoof2014oscillatory,
  title={Oscillatory subglacial drainage in the absence of surface melt},
  author={Schoof, C and Rada, CA and Wilson, NJ and Flowers, GE and Haseloff, M},
  journal={The Cryosphere},
  volume={8},
  number={3},
  pages={959--976},
  year={2014},
  publisher={Copernicus GmbH}
}

@article{morlighem2013inversion,
  title={Inversion of basal friction in {A}ntarctica using exact and incomplete adjoints of a higher-order model},
  author={Morlighem, M and Seroussi, H and Larour, E and Rignot, E},
  journal={Journal of Geophysical Research: Earth Surface},
  volume={118},
  number={3},
  pages={1746--1753},
  year={2013},
  publisher={Wiley Online Library}
}

@article{rose1979characteristics,
  title={Characteristics of ice flow in {Marie Byrd Land}, {A}ntarctica},
  author={Rose, KE},
  journal={Journal of Glaciology},
  volume={24},
  number={90},
  pages={63--75},
  year={1979},
  publisher={International Glaciological Society}
}

@article{rignot2008recent,
  title={Recent {A}ntarctic ice mass loss from radar interferometry and regional climate modelling},
  author={Rignot, Eric and Bamber, Jonathan L and Van Den Broeke, Michiel R and Davis, Curt and Li, Yonghong and Van De Berg, Willem Jan and Van Meijgaard, Erik},
  journal={Nature geoscience},
  volume={1},
  number={2},
  pages={106--110},
  year={2008},
  publisher={Nature Publishing Group}
}

@article{fretwell2013bedmap2,
  title={Bedmap2: improved ice bed, surface and thickness datasets for {A}ntarctica},
  author={Fretwell, P and Pritchard, Hamish D and Vaughan, David G and Bamber, JL and Barrand, NE and Bell, R and Bianchi, C and Bingham, RG and Blankenship, DD and Casassa, G and others},
  journal={The Cryosphere},
  volume={7},
  number={1},
  year={2013}
}

@inproceedings{flowers2015modelling,
  title={Modelling water flow under glaciers and ice sheets},
  author={Flowers, Gwenn E},
  booktitle={Proc. R. Soc. A},
  volume={471}, 
  number={2176},
  pages={20140907},
  year={2015},
  organization={The Royal Society}
}

@article{fourier1808memoire,
  title={M{\'e}moire sur la propagation de la chaleur dans les corps solides},
  author={Fourier, Joseph},
  journal={Nouveau Bulletin des Sciences de la Soci{\'e}t{\'e} Philomathique de Paris},
  volume={6},
  pages={112--116},
  year={1808}
}

@article{gray2005evidence,
  title={Evidence for subglacial water transport in the {W}est {A}ntarctic Ice Sheet through three-dimensional satellite radar interferometry},
  author={Gray, Laurence and Joughin, Ian and Tulaczyk, Slawek and Spikes, Vandy Blue and Bindschadler, Robert and Jezek, Ken},
  journal={Geophysical Research Letters},
  volume={32},
  number={3},
  year={2005},
  publisher={Wiley Online Library}
}

@article{engelhardt1997basal,
  title={Basal hydraulic system of a {W}est {A}ntarctic ice stream: constraints from borehole observations},
  author={Engelhardt, Hermann and Kamb, Barclay},
  journal={Journal of Glaciology},
  volume={43},
  number={144},
  pages={207--230},
  year={1997},
  publisher={International Glaciological Society}
}

@article{schoof2010thin,
  title={Thin-film flows with wall slip: an asymptotic analysis of higher order glacier flow models},
  author={Schoof, Christian and Hindmarsh, Richard CA},
  journal={The Quarterly Journal of Mechanics \& Applied Mathematics},
  volume={63},
  number={1},
  pages={73--114},
  year={2010},
  publisher={Oxford University Press}
}

@article{macayeal1989large,
  title={Large-scale ice flow over a viscous basal sediment: Theory and application to ice stream {B}, {A}ntarctica},
  author={MacAyeal, Douglas R},
  journal={Journal of Geophysical Research: Solid Earth},
  volume={94},
  number={B4},
  pages={4071--4087},
  year={1989},
  publisher={Wiley Online Library}
}

@book{newton1687philosophiae,
  title={Philosophi{\ae} naturalis principia mathematica},
  author={Newton, I.},
  year={1687},
  publisher={J. Societatis Regiae ac Typis J. Streater}
}

@article{bell2007large,
  title={Large subglacial lakes in {E}ast {A}ntarctica at the onset of fast-flowing ice streams},
  author={Bell, Robin E and Studinger, Michael and Shuman, Christopher A and Fahnestock, Mark A and Joughin, Ian},
  journal={Nature},
  volume={445},
  number={7130},
  pages={904--907},
  year={2007},
  publisher={Nature Publishing Group}
}

@article{wolovick2014traveling,
  title={Traveling slippery patches produce thickness-scale folds in ice sheets},
  author={Wolovick, Michael J and Creyts, Timothy T and Buck, W Roger and Bell, Robin E},
  journal={Geophysical Research Letters},
  volume={41},
  number={24},
  pages={8895--8901},
  year={2014},
  publisher={Wiley Online Library}
}

@article{sergienko2014similarity,
  title={Similarity of organized patterns in driving and basal stresses of {A}ntarctic and {G}reenland ice sheets beneath extensive areas of basal sliding},
  author={Sergienko, OV and Creyts, Timothy T and Hindmarsh, RCA},
  journal={Geophysical Research Letters},
  volume={41},
  number={11},
  pages={3925--3932},
  year={2014},
  publisher={Wiley Online Library}
}

@article{sergienko2013regular,
  title={Regular patterns in frictional resistance of ice-stream beds seen by surface data inversion},
  author={Sergienko, Olga V and Hindmarsh, Richard CA},
  journal={Science},
  volume={342},
  number={6162},
  pages={1086--1089},
  year={2013},
  publisher={American Association for the Advancement of Science}
}

@article{alley1996towards,
  title={Towards a hydrological model for computerized ice-sheet simulations},
  author={Alley, Richard B},
  journal={Hydrological Processes},
  volume={10},
  number={4},
  pages={649--660},
  year={1996},
  publisher={Wiley Online Library}
}

@article{sugden2004cenozoic,
  title={Cenozoic landscape evolution of the Convoy Range to Mackay Glacier area, Transantarctic Mountains: onshore to offshore synthesis},
  author={Sugden, David and Denton, George},
  journal={Geological Society of America Bulletin},
  volume={116},
  number={7-8},
  pages={840--857},
  year={2004},
  publisher={Geological Society of America}
}

@article{pattyn2008investigating,
  title={Investigating the stability of subglacial lakes with a full Stokes ice-sheet model},
  author={Pattyn, Frank},
  journal={Journal of Glaciology},
  volume={54},
  number={185},
  pages={353--361},
  year={2008},
  publisher={International Glaciological Society}
}

@article{hindmarsh1998ice,
  title={Ice-stream surface texture, sticky spots, waves and breathers: the coupled flow of ice, till and water},
  author={Hindmarsh, Richard CA},
  journal={Journal of Glaciology},
  volume={44},
  number={148},
  pages={589--614},
  year={1998},
  publisher={Cambridge University Press}
}

@article{alley1989water,
  title={Water-pressure coupling of sliding and bed deformation: I. Water system},
  author={Alley, RB},
  journal={Journal of Glaciology},
  volume={35},
  number={119},
  pages={108--118},
  year={1989},
  publisher={Cambridge University Press}
}

@article{horgan2012subglacial,
  title={Subglacial Lake Whillansâ€”Seismic observations of a shallow active reservoir beneath a {W}est {A}ntarctic ice stream},
  author={Horgan, Huw J and Anandakrishnan, Sridhar and Jacobel, Robert W and Christianson, Knut and Alley, Richard B and Heeszel, David S and Picotti, Stefano and Walter, Jacob I},
  journal={Earth and Planetary Science Letters},
  volume={331},
  pages={201--209},
  year={2012},
  publisher={Elsevier}
}


@article{walder1994channelized,
  title={Channelized subglacial drainage over a deformable bed},
  author={Walder, Joseph S and Fowler, Andrew},
  journal={Journal of Glaciology},
  volume={40},
  number={134},
  pages={3--15},
  year={1994},
  publisher={Cambridge University Press}
}

@incollection{macnamara2016operator,
  title={Operator splitting},
  author={MacNamara, Shev and Strang, Gilbert},
  booktitle={Splitting Methods in Communication, Imaging, Science, and Engineering},
  pages={95--114},
  year={2016},
  publisher={Springer}
}

@article{hindmarsh1999coupled,
  title={Coupled ice--till dynamics and the seeding of drumlins and bedrock forms},
  author={Hindmarsh, Richard CA},
  journal={Annals of Glaciology},
  volume={28},
  number={1},
  pages={221--230},
  year={1999},
  publisher={International Glaciological Society}
}

@article{evatt2006subglacial,
  title={Subglacial floods beneath ice sheets},
  author={Evatt, GW and Fowler, AC and Clark, CD and Hulton, NRJ},
  journal={Philosophical Transactions of the Royal Society of London A: Mathematical, Physical and Engineering Sciences},
  volume={364},
  number={1844},
  pages={1769--1794},
  year={2006},
  publisher={The Royal Society}
}

@article{hindmarsh1998stability,
  title={The stability of a viscous till sheet coupled with ice flow, considered at wavelengths less than the ice thickness},
  author={Hindmarsh, Richard CA},
  journal={Journal of Glaciology},
  volume={44},
  number={147},
  pages={285--292},
  year={1998},
  publisher={International Glaciological Society}
}

@article{fowler2000instability,
  title={An instability mechanism for drumlin formation},
  author={Fowler, AC},
  journal={Geological Society, London, Special Publications},
  volume={176},
  number={1},
  pages={307--319},
  year={2000},
  publisher={Geological Society of London}
}

@phdthesis{ng1998mathematical,
  title={Mathematical modelling of subglacial drainage and erosion},
  author={Ng, Felix SL},
  year={1998},
  school={University of Oxford}
}



@article{anandakrishnan1998influence,
  title={Influence of subglacial geology on the position of a {W}est {A}ntarctic ice stream from seismic observations},
  author={Anandakrishnan, S and Blankenship, DD and Alley, RB and Stoffa, PL},
  journal={Nature},
  volume={394},
  number={6688},
  pages={62--65},
  year={1998},
  publisher={Nature Publishing Group}
}

@article{chandler2013evolution,
  title={Evolution of the subglacial drainage system beneath the {G}reenland Ice Sheet revealed by tracers},
  author={Chandler, DM and Wadham, JL and Lis, GP and Cowton, T and Sole, A and Bartholomew, I and Telling, J and Nienow, P and Bagshaw, EB and Mair, D and others},
  journal={Nature Geoscience},
  volume={6},
  number={3},
  pages={195},
  year={2013},
  publisher={Nature Publishing Group}
}

@article{glen1958flow,
  title={The flow law of ice: A discussion of the assumptions made in glacier theory, their experimental foundations and consequences},
  author={Glen, JW},
  journal={IASH Publ},
  volume={47},
  pages={171--183},
  year={1958}
}

@article{hattestrand1997ribbed,
  title={Ribbed moraines in {S}wedenâ€”distribution pattern and palaeoglaciological implications},
  author={H{\"a}ttestrand, Clas},
  journal={Sedimentary Geology},
  volume={111},
  number={1-4},
  pages={41--56},
  year={1997},
  publisher={Elsevier}
}

@article{dunlop2008bed,
  title={Bed ribbing instability explanation: testing a numerical model of ribbed moraine formation arising from coupled flow of ice and subglacial sediment},
  author={Dunlop, Paul and Clark, Chris D and Hindmarsh, Richard CA},
  journal={Journal of Geophysical Research: Earth Surface},
  volume={113},
  number={F3},
  year={2008},
  publisher={Wiley Online Library}
}

@article{clarke2005subglacial,
  title={Subglacial processes},
  author={Clarke, Garry KC},
  journal={Annu. Rev. Earth Planet. Sci.},
  volume={33},
  pages={247--276},
  year={2005},
  publisher={Annual Reviews}
}

@article{schoof2007pressure,
  title={Pressure-dependent viscosity and interfacial instability in coupled ice--sediment flow},
  author={Schoof, Christian},
  journal={Journal of Fluid Mechanics},
  volume={570},
  pages={227--252},
  year={2007},
  publisher={Cambridge University Press}
}

@article{sergienko2007causes,
  title={Causes of sudden, short-term changes in ice-stream surface elevation},
  author={Sergienko, OV and MacAyeal, DR and Bindschadler, RA},
  journal={Geophysical Research Letters},
  volume={34},
  number={22},
  year={2007},
  publisher={Wiley Online Library}
}

@article{sergienko2011sticky,
  title={`{S}ticky spots' and subglacial lakes under ice streams of the {S}iple {C}oast, {A}ntarctica},
  author={Sergienko, Olga V and Hulbe, Christina L},
  journal={Annals of Glaciology},
  volume={52},
  number={58},
  pages={18--22},
  year={2011},
  publisher={International Glaciological Society}
}

@article{whiteford1970ground,
  title={Ground movement in the{ Waiotapu geothermal region, New Zealand}},
  author={Whiteford, Peter Charles},
  journal={Geothermics},
  volume={2},
  pages={478--486},
  year={1970},
  publisher={Elsevier}
}

@article{alley1986deformation,
  title={Deformation of till beneath {Ice Stream B}, {W}est {A}ntarctica},
  author={Alley, Richard B and Blankenship, Donald D and Bentley, Charles R and Rooney, S\_T},
  journal={Nature},
  volume={322},
  number={6074},
  pages={57--59},
  year={1986},
  publisher={Nature Publishing Group}
}


@article{blankenship1987till,
  title={Till beneath {Ice Stream B}: 1. Properties derived from seismic travel times},
  author={Blankenship, Donald D and Bentley, Charles R and Rooney, ST and Alley, Richard B},
  journal={Journal of Geophysical Research: Solid Earth},
  volume={92},
  number={B9},
  pages={8903--8911},
  year={1987},
  publisher={Wiley Online Library}
}
@article{alley1987till,
  title={Till beneath ice stream {B}: 3. Till deformation: evidence and implications},
  author={Alley, RB and Blankenship, DD and Bentley, C Ro and Rooney, S\_T},
  journal={Journal of Geophysical Research: Solid Earth},
  volume={92},
  number={B9},
  pages={8921--8929},
  year={1987},
  publisher={Wiley Online Library}
}

@article{robin1970radio,
  title={Radio echo exploration of the {A}ntarctic ice sheet},
  author={Robin, G de Q and Swithinbank, CWM and Smith, BME},
  journal={International Association of Scientific Hydrology Publication},
  volume={86},
  pages={97--115},
  year={1970}
}

@article{blankenship1986seismic,
  title={Seismic measurements reveal a saturated porous layer beneath an active {A}ntarctic ice stream},
  author={Blankenship, D Do and Bentley, Co R and Rooney, ST and Alley, Ro B},
  journal={Nature},
  volume={322},
  number={6074},
  pages={54--57},
  year={1986},
  publisher={Nature Publishing Group}
}

@article{ng2004fast,
  title={Fast-flow signature in the stagnated Kamb Ice Stream, West Antarctica},
  author={Ng, Felix and Conway, Howard},
  journal={Geology},
  volume={32},
  number={6},
  pages={481--484},
  year={2004},
  publisher={Geological Society of America}
}

@article{engelhardt1990physical,
  title={Physical conditions at the base of a fast moving {A}ntarctic ice stream},
  author={Engelhardt, Hermann and Humphrey, Neil and Kamb, Barclay and Fahnestock, Mark},
  journal={Science},
  volume={248},
  number={4951},
  pages={57--60},
  year={1990},
  publisher={American Association for the Advancement of Science}
}

@article{kamb1991rheological,
  title={Rheological nonlinearity and flow instability in the deforming bed mechanism of ice stream motion},
  author={Kamb, Barclay},
  journal={Journal of Geophysical Research: Solid Earth},
  volume={96},
  number={B10},
  pages={16585--16595},
  year={1991},
  publisher={Wiley Online Library}
}

@inproceedings{fowler2014instability,
  title={An instability theory for the formation of ribbed moraine, drumlins and mega-scale glacial lineations},
  author={Fowler, Andrew Cadle and Chapwanya, Michael},
  booktitle={Proceedings of the Royal Society of London A: Mathematical, Physical and Engineering Sciences},
  volume={470},
  number={2171},
  pages={20140185},
  year={2014},
  organization={The Royal Society}
}

@book{kinahan1872general,
  title={The general glaciation of Iar-Connaught and its neighborhood, in the counties of Galway and Mayo},
  author={Kinahan, George Henry and Close, Maxwell H},
  year={1872},
  publisher={Hodges, Foster}
}

@book{alley2001west,
  title={The {W}est {A}ntarctic ice sheet: behavior and environment},
  author={Alley, Richard B},
  volume={77},
  year={2001},
  publisher={American Geophysical Union}
}

@article{tulaczyk2000basal,
  title={{Basal mechanics of Ice Stream B, West Antarctica: 2. Undrained plastic bed model}},
  author={Tulaczyk, Slawek and Kamb, W Barclay and Engelhardt, Hermann F},
  journal={Journal of Geophysical Research: Solid Earth},
  volume={105},
  number={B1},
  pages={483--494},
  year={2000},
  publisher={Wiley Online Library}
}

@article{hewitt2013seasonal,
  title={Seasonal changes in ice sheet motion due to melt water lubrication},
  author={Hewitt, IJ},
  journal={Earth and Planetary Science Letters},
  volume={371},
  pages={16--25},
  year={2013},
  publisher={Elsevier}
}

@article{gudmundsson2003transmission,
  title={Transmission of basal variability to a glacier surface},
  author={Gudmundsson, G Hilmar},
  journal={Journal of Geophysical Research: Solid Earth},
  volume={108},
  number={B5},
  year={2003},
  publisher={Wiley Online Library}
}

@article{reilly1965gravity,
  title={Gravity Map of {New Zealand}, 1: 4,000,000},
  author={Reilly, WI and Whiteford, CM},
  journal={Bouguer anomalies. Wellington, New Zealand, Department of Scientific and Industrial Research},
  year={1965}
}

@article{spagnolo2017periodic,
  title={The periodic topography of ice stream beds: insights from the Fourier spectra of mega-scale glacial lineations},
  author={Spagnolo, Matteo and Bartholomaus, Timothy C and Clark, Chris D and Stokes, Chris R and Atkinson, Nigel and Dowdeswell, Julian A and Ely, Jeremy C and Graham, Ali GC and Hogan, Kelly A and King, Edward C and others},
  journal={Journal of geophysical research: earth surface},
  year={2017},
  publisher={Wiley Online Library}
}

@article{carter2007radar,
  title={Radar-based subglacial lake classification in {A}ntarctica},
  author={Carter, Sasha P and Blankenship, Donald D and Peters, Matthew E and Young, Duncan A and Holt, John W and Morse, David L},
  journal={Geochemistry, Geophysics, Geosystems},
  volume={8},
  number={3},
  year={2007},
  publisher={Wiley Online Library}
}

@article{siegfried2018thirteen,
  title={Thirteen years of subglacial lake activity in {A}ntarctica from multi-mission satellite altimetry},
  author={Siegfried, Matthew R and Fricker, Helen A},
  journal={Annals of Glaciology},
  pages={1--14},
  year={2018},
  publisher={Cambridge University Press}
}

@article{young2016distribution,
  title={The distribution of basal water between {A}ntarctic subglacial lakes from radar sounding},
  author={Young, Duncan A and Schroeder, DM and Blankenship, DD and Kempf, Scott D and Quartini, E},
  journal={Phil. Trans. R. Soc. A},
  volume={374},
  number={2059},
  pages={20140297},
  year={2016},
  publisher={The Royal Society}
}

@article{fricker2010synthesizing,
  title={Synthesizing multiple remote-sensing techniques for subglacial hydrologic mapping: application to a lake system beneath {MacAyeal Ice Stream}, {W}est {A}ntarctica},
  author={Fricker, Helen Amanda and Scambos, Ted and Carter, Sasha and Davis, Curt and Haran, Terry and Joughin, Ian},
  journal={Journal of Glaciology},
  volume={56},
  number={196},
  pages={187--199},
  year={2010},
  publisher={Cambridge University Press}
}

@article{creyts2014freezing,
  title={Freezing of ridges and water networks preserves the Gamburtsev Subglacial Mountains for millions of years},
  author={Creyts, Timothy T and Ferraccioli, Fausto and Bell, Robin E and Wolovick, Michael and Corr, Hugh and Rose, Kathryn C and Frearson, Nicholas and Damaske, Detlef and Jordan, Tom and Braaten, David and others},
  journal={Geophysical Research Letters},
  volume={41},
  number={22},
  pages={8114--8122},
  year={2014},
  publisher={Wiley Online Library}
}

@article{hodson2016physical,
  title={Physical processes in{ Subglacial Lake Whillans,} {W}est {A}ntarctica: inferences from sediment cores},
  author={Hodson, TO and Powell, RD and Brachfeld, SA and Tulaczyk, S and Scherer, RP and others},
  journal={Earth and Planetary Science Letters},
  volume={444},
  pages={56--63},
  year={2016},
  publisher={Elsevier}
}

@article{schroeder2013evidence,
  title={Evidence for a water system transition beneath {Thwaites Glacier}, {W}est {A}ntarctica},
  author={Schroeder, Dustin M and Blankenship, Donald D and Young, Duncan A},
  journal={Proceedings of the National Academy of Sciences},
  volume={110},
  number={30},
  pages={12225--12228},
  year={2013},
  publisher={National Acad Sciences}
}

@article{shaw1990evidence,
  title={Evidence for large-scale subglacial meltwater flood events in southern {Ontario and northern New York State}},
  author={Shaw, John and Gilbert, Robert},
  journal={Geology},
  volume={18},
  number={12},
  pages={1169--1172},
  year={1990},
  publisher={Geological Society of America}
}

@article{kamb2001basal,
  title={Basal zone of the {W}est {A}ntarctic ice streams and its role in lubrication of their rapid motion},
  author={Kamb, Barclay},
  journal={The {W}est {A}ntarctic ice sheet: behavior and environment},
  pages={157--199},
  year={2001},
  publisher={Wiley Online Library}
}

%Ice streams account for up to 90% of the {A}ntarctic ice flux into ice shelves and ultimately into the sea [Rignot et al., 2011; Bamber et al., 2000].

%more refs from flowers2000 and hewitt13

@article{bamber2000widespread,
  title={Widespread complex flow in the interior of the {A}ntarctic ice sheet},
  author={Bamber, Jonathan L and Vaughan, David G and Joughin, Ian},
  journal={Science},
  volume={287},
  number={5456},
  pages={1248--1250},
  year={2000},
  publisher={American Association for the Advancement of Science}
}

@article{fowler1996ice,
  title={Ice-sheet surging and ice-stream formation},
  author={Fowler, AC and Johnson, Clare},
  journal={Annals of Glaciology},
  volume={23},
  pages={68--73},
  year={1996},
  publisher={Cambridge University Press}
}

@article{carter2009using,
  title={Using radar-sounding data to identify the distribution and sources of subglacial water: application to {Dome C}, {E}ast {A}ntarctica},
  author={Carter, Sasha Peter and Blankenship, Donald D and Young, Duncan A and Holt, John W},
  journal={Journal of Glaciology},
  volume={55},
  number={194},
  pages={1025--1040},
  year={2009},
  publisher={Cambridge University Press}
}

@article{langley2011recovery,
  title={Recovery Lakes, {E}ast {A}ntarctica: Radar assessment of sub-glacial water extent},
  author={Langley, K and Kohler, J and Matsuoka, K and Sinisalo, A and Scambos, T and Neumann, T and Muto, A and Winther, J-G and Albert, M},
  journal={Geophysical Research Letters},
  volume={38},
  number={5},
  year={2011},
  publisher={Wiley Online Library}
}

%some beds are frozed
@article{naslund2000numerical,
  title={Numerical modelling of the ice sheet in western Dronning Maud Land, {E}ast {A}ntarctica: impacts of present, past and future climates},
  author={N{\"a}slund, Jens-Ove and Fastook, JL and Holmlund, P},
  journal={Journal of Glaciology},
  volume={46},
  number={152},
  pages={54--66},
  year={2000},
  publisher={Cambridge University Press}
}

@article{bjornsson2003subglacial,
  title={Subglacial lakes and j{\"o}kulhlaups in {I}celand},
  author={Bj{\"o}rnsson, Helgi},
  journal={Global and Planetary Change},
  volume={35},
  number={3-4},
  pages={255--271},
  year={2003},
  publisher={Elsevier}
}

@article{flowers2002multicomponent,
  title={A multicomponent coupled model of glacier hydrology 1. Theory and synthetic examples},
  author={Flowers, Gwenn E and Clarke, Garry KC},
  journal={Journal of Geophysical Research: Solid Earth},
  volume={107},
  number={B11},
  year={2002},
  publisher={Wiley Online Library}
}

@article{bartholomew2010seasonal,
  title={Seasonal evolution of subglacial drainage and acceleration in a {G}reenland outlet glacier},
  author={Bartholomew, Ian and Nienow, Peter and Mair, Douglas and Hubbard, Alun and King, Matt A and Sole, Andrew},
  journal={Nature Geoscience},
  volume={3},
  number={6},
  pages={408},
  year={2010},
  publisher={Nature Publishing Group}
}

@article{andrews2014direct,
  title={Direct observations of evolving subglacial drainage beneath the {G}reenland Ice Sheet},
  author={Andrews, Lauren C and Catania, Ginny A and Hoffman, Matthew J and Gulley, Jason D and L{\"u}thi, Martin P and Ryser, Claudia and Hawley, Robert L and Neumann, Thomas A},
  journal={Nature},
  volume={514},
  number={7520},
  pages={80},
  year={2014},
  publisher={Nature Publishing Group}
}

@article{rignot2002mass,
  title={Mass balance of polar ice sheets},
  author={Rignot, Eric and Thomas, Robert H},
  journal={Science},
  volume={297},
  number={5586},
  pages={1502--1506},
  year={2002},
  publisher={American Association for the Advancement of Science}
}

@article{deconto2016contribution,
  title={Contribution of {A}ntarctica to past and future sea-level rise},
  author={DeConto, Robert M and Pollard, David},
  journal={Nature},
  volume={531},
  number={7596},
  pages={591},
  year={2016},
  publisher={Nature Publishing Group}
}

@article{allen2014ipcc,
  title={{IPCC} fifth assessment synthesis report-climate change 2014 synthesis report},
  author={Allen, Myles R and Barros, Vicente R and Broome, John and Cramer, Wolfgang and Christ, Renate and Church, John A and Clarke, Leon and Dahe, Qin and Dasgupta, Purnamita and Dubash, Navroz K and others},
  year={2014},
  publisher={Intergovernmental Panel on Climate Change (IPCC)}
}

@article{nienow1998seasonal,
  title={Seasonal changes in the morphology of the subglacial drainage system, Haut Glacier d'Arolla, Switzerland},
  author={Nienow, Peter and Sharp, Martin and Willis, Ian},
  journal={Earth Surface Processes and Landforms},
  volume={23},
  number={9},
  pages={825--843},
  year={1998},
  publisher={Wiley Online Library}
}

@article{ashmore2014antarctic,
  title={{A}ntarctic subglacial hydrology: current knowledge and future challenges},
  author={Ashmore, David W and Bingham, Robert G},
  journal={{A}ntarctic Science},
  volume={26},
  number={6},
  pages={758--773},
  year={2014},
  publisher={Cambridge University Press}
}

@article{alley1994water,
  title={A water-piracy hypothesis for the stagnation of {Ice Stream C}, {A}ntarctica},
  author={Alley, RB and Anandakrishnan, S and Bentley, CR and Lord, N},
  journal={Annals of Glaciology},
  volume={20},
  pages={187--194},
  year={1994},
  publisher={Cambridge University Press}
}

@article{bennett2003ice,
  title={Ice streams as the arteries of an ice sheet: their mechanics, stability and significance},
  author={Bennett, Matthew R},
  journal={Earth-Science Reviews},
  volume={61},
  number={3-4},
  pages={309--339},
  year={2003},
  publisher={Elsevier}
}

@article{hewitt2011modelling,
  title={Modelling distributed and channelized subglacial drainage: the spacing of channels},
  author={Hewitt, Ian J},
  journal={Journal of Glaciology},
  volume={57},
  number={202},
  pages={302--314},
  year={2011},
  publisher={Cambridge University Press}
}

@inproceedings{perol2011control,
  title={Control of the width of {W}est {A}ntarctic ice streams by internal melting in the ice sheet near the margins},
  author={Perol, T and Rice, James R},
  booktitle={AGU Fall Meeting Abstracts},
  year={2011}
}

@article{rothlisberger1972water,
  title={Water pressure in intra-and subglacial channels},
  author={R{\"o}thlisberger, Hans},
  journal={Journal of Glaciology},
  volume={11},
  number={62},
  pages={177--203},
  year={1972},
  publisher={Cambridge University Press}
}

@article{shreve1972movement,
  title={Movement of water in glaciers},
  author={Shreve, RL},
  journal={Journal of Glaciology},
  volume={11},
  number={62},
  pages={205--214},
  year={1972},
  publisher={Cambridge University Press}
}

@article{mouginot2017comprehensive,
  title={Comprehensive annual ice sheet velocity mapping using{ Landsat-8, Sentinel-1, and RADARSAT-2 data}},
  author={Mouginot, Jeremie and Rignot, Eric and Scheuchl, Bernd and Millan, Romain},
  journal={Remote Sensing},
  volume={9},
  number={4},
  pages={364},
  year={2017},
  publisher={Multidisciplinary Digital Publishing Institute}
}